@book{grigullSteamTablesSIunits1990,
  title = {Steam Tables in {{SI}}-Units: Concise Steam Tables in {{SI}}-Units (Student's Tables) ; Properties of Ordinary Water Substance up to 1000\textdegree{} {{C}} and 100 Megapascal},
  shorttitle = {Steam Tables in {{SI}}-Units},
  editor = {Grigull, Ulrich and Straub, Johannes and Schiebener, Peter},
  year = {1990},
  edition = {3., enl. ed.},
  publisher = {{Springer}},
  address = {{Berlin [u.a.]}},
  file = {/home/wm/Zotero/storage/Q33RYBKY/PPN.html},
  keywords = {*Steam -- Tables,*Wasserdampftafel / SI-Einheiten,*Wasserdampftafel / SI-Einheiten / Tabelle /},
  lccn = {FH 1993:2957/2},
  note = {Pages: 133}
}

@booklet{Barometerkorrektur,
	author = {{MessCom GmbH}},
	year = {09.2007},
	title = {Betriebsanleitung Quecksilber-Barometer nach LAMBRECHT (604)},
	url = {http://www.messcom.de/MESSCOM/MDO/pdfs/005_Druck/Quecksilber-Barometer\%20604\%20Bedienanl.pdf},
	adress = {},
	lastchecked = {01.06.2020}
}

@book{lideCRCHandbookChemistry1994,
  title = {{{CRC}} Handbook of Chemistry and Physics: A Ready-Reference Book of Chemical and Physical Data},
  shorttitle = {{{CRC}} Handbook of Chemistry and Physics},
  author = {Lide, David R.},
  year = {1994},
  edition = {75},
  publisher = {{CRC Press}},
  address = {{Boca Raton [u.a.]}},
  file = {/home/wm/Zotero/storage/NDQI68GC/PPN.html},
  isbn = {978-0-8493-0475-0},
  keywords = {Chemie / Physik},
  lccn = {35.00 110{$<$}75{$>$}/1}
}

@booklet{Verunreinigungen,
	author = {{}},
	year = {},
	title = {Salzwasser},
	url = {https://www.chemie.de/lexikon/Salzwasser.html},
	lastchecked = {01.06.2020}
}

@booklet{Widerstandsthermometer,
	author = {{}},
	year = {},
	title = {Widerstandsthermometer},
	url = {https://de.wikipedia.org/wiki/Widerstandsthermometer},
	lastchecked = {10.01.2020}
}


@book{molareVerdampfungsenthalpieLiteraturwert,
	author = {{V. Majer, V. Svoboda}},
	year = {1985},
	title = {Enthalpies of Vaporization of Organic Compounds: A Critical Review and Data Compilation.},
	address = {Oxford},
	%edition = {11. Aufl., 1. Dr},
	publisher = {{Blackwell Scientific Publications}},
	%isbn = {9783808570579},
	%file = {http://www.worldcat.org/oclc/855403030}
}


@booklet{molareVerdampfungsenthalpie,
	author = {{Wiley Information Services GmbH}},
	year = {},
	title = {Phasengleichgewichte},
	url = {http://www.chemgapedia.de/vsengine/vlu/vsc/de/ch/13/vlu/thermodyn/phasen/phasen_gesamt.vlu/Page/vsc/de/ch/13/pc/thermodyn/phasen/august.vscml.html},
	lastchecked = {02.06.2020}
}
 
@booklet{,
	author = {{}},
	year = {},
	title = {},
	url = {},
	lastchecked = {02.06.2020}
}

@booklet{,
	author = {{}},
	year = {},
	title = {},
	url = {},
	lastchecked = {02.06.2020}
}


@booklet{,
	author = {{}},
	year = {},
	title = {},
	url = {},
	lastchecked = {02.06.2020}
}


@booklet{,
	author = {{}},
	year = {},
	title = {},
	url = {},
	lastchecked = {02.06.2020}
}


@booklet{,
	author = {{}},
	year = {},
	title = {},
	url = {},
	lastchecked = {02.06.2020}
}


@booklet{,
	author = {{}},
	year = {},
	title = {},
	url = {},
	lastchecked = {02.06.2020}
}




